%% This BibTeX bibliography file was created using BibDesk.
%% http://bibdesk.sourceforge.net/


%% Created for Aaron Meurer at 2010-11-02 14:29:03 -0600 


%% Saved with string encoding Unicode (UTF-8) 



@conference{risch1969problem,
	Author = {Risch, R.H.},
	Booktitle = {Amer. Math. Soc},
	Date-Added = {2010-10-28 21:52:30 -0600},
	Date-Modified = {2010-11-02 14:29:03 -0600},
	Pages = {167--189},
	Title = {{The Problem of Integration in Finite Terms Trans}},
	Volume = {139},
	Year = {1969}}

@article{moses1971symbolic,
	Author = {Moses, J.},
	Date-Added = {2010-10-28 21:51:42 -0600},
	Date-Modified = {2010-10-28 21:51:42 -0600},
	Journal = {Communications of the ACM},
	Number = {8},
	Pages = {548--560},
	Publisher = {ACM},
	Title = {{Symbolic integration: the stormy decade}},
	Volume = {14},
	Year = {1971}}

@inproceedings{adamchik1990hypergeometric,
	Address = {New York, NY, USA},
	Author = {Adamchik, V. S. and Marichev, O. I.},
	Booktitle = {ISSAC '90: Proceedings of the international symposium on Symbolic and algebraic computation},
	Date-Added = {2010-10-28 18:50:09 -0600},
	Date-Modified = {2010-10-28 21:46:29 -0600},
	Doi = {http://doi.acm.org/10.1145/96877.96930},
	Isbn = {0-201-54892-5},
	Location = {Tokyo, Japan},
	Pages = {212--224},
	Publisher = {ACM},
	Title = {The algorithm for calculating integrals of hypergeometric type functions and its realization in REDUCE system},
	Year = {1990},
	Bdsk-Url-1 = {http://doi.acm.org/10.1145/96877.96930}}

@article{davenport1984integration,
	Address = {New York, NY, USA},
	Author = {Davenport, James},
	Date-Added = {2010-10-28 18:50:09 -0600},
	Date-Modified = {2010-10-28 21:46:12 -0600},
	Doi = {http://doi.acm.org/10.1145/1089369.1089378},
	Issn = {0163-5824},
	Journal = {SIGSAM Bull.},
	Number = {2},
	Pages = {20--21},
	Publisher = {ACM},
	Title = {Integration in finite terms},
	Volume = {18},
	Year = {1984},
	Bdsk-Url-1 = {http://doi.acm.org/10.1145/1089369.1089378}}

@conference{kauers2008integration,
	Author = {Kauers, M.},
	Booktitle = {Proceedings of the twenty-first international symposium on Symbolic and algebraic computation},
	Date-Added = {2010-10-28 18:50:09 -0600},
	Date-Modified = {2010-10-28 18:50:09 -0600},
	Organization = {ACM},
	Pages = {133--140},
	Title = {{Integration of algebraic functions: a simple heuristic for finding the logarithmic part}},
	Year = {2008}}

@inproceedings{roach1997meijerg,
	Address = {New York, NY, USA},
	Author = {Roach, Kelly},
	Booktitle = {ISSAC '97: Proceedings of the 1997 international symposium on Symbolic and algebraic computation},
	Date-Added = {2010-10-28 18:50:09 -0600},
	Date-Modified = {2010-10-28 21:46:39 -0600},
	Doi = {http://doi.acm.org/10.1145/258726.258784},
	Isbn = {0-89791-875-4},
	Location = {Kihei, Maui, Hawaii, United States},
	Pages = {205--211},
	Publisher = {ACM},
	Title = {Meijer G function representations},
	Year = {1997},
	Bdsk-Url-1 = {http://doi.acm.org/10.1145/258726.258784}}

@conference{bronstein1989simplification,
	Author = {Bronstein, M.},
	Booktitle = {Proceedings of the ACM-SIGSAM 1989 international symposium on Symbolic and algebraic computation},
	Date-Added = {2010-10-28 18:49:24 -0600},
	Date-Modified = {2010-10-28 18:49:24 -0600},
	Organization = {ACM},
	Pages = {211},
	Title = {{Simplification of real elementary functions}},
	Year = {1989}}

@book{bronstein2005symbolic,
	Author = {Bronstein, M.},
	Date-Added = {2010-10-28 18:44:52 -0600},
	Date-Modified = {2010-10-28 18:44:52 -0600},
	Publisher = {Springer Verlag},
	Title = {{Symbolic integration I: transcendental functions}},
	Year = {2005}}
